<?xml version="1.0" encoding="UTF-8"?><record xmlns="http://www.loc.gov/MARC21/slim" xmlns:cinclude="http://apache.org/cocoon/include/1.0" xmlns:zs="http://www.loc.gov/zing/srw/">
  <leader>00529nz  a2200145n  4500</leader>
  <controlfield tag="001">no2007077853</controlfield>
  <controlfield tag="003">DLC</controlfield>
  <controlfield tag="005">20070714075213.0</controlfield>
  <controlfield tag="008">070712n| acannaabn          |n aaa     c</controlfield>
  <datafield tag="010" ind1=" " ind2=" ">
    <subfield code="a">no2007077853</subfield>
  </datafield>
  <datafield tag="035" ind1=" " ind2=" ">
    <subfield code="a">(OCoLC)oca07462095</subfield>
  </datafield>
  <datafield tag="040" ind1=" " ind2=" ">
    <subfield code="a">NhD</subfield>
    <subfield code="b">eng</subfield>
    <subfield code="c">NhD</subfield>
  </datafield>
  <datafield tag="100" ind1="1" ind2=" ">
    <subfield code="a">Carter, Harrison,</subfield>
    <subfield code="d">1892-1943</subfield>
  </datafield>
  <datafield tag="670" ind1=" " ind2=" ">
    <subfield code="a">Midnight limited, 1940:</subfield>
    <subfield code="b">t.p. (story and screenplay by Harrison Carter ...)</subfield>
  </datafield>
  <datafield tag="670" ind1=" " ind2=" ">
    <subfield code="a">Internet movie database, July 12, 2007</subfield>
    <subfield code="b">(Harrison Carter, b. Apr. 17, 1892 in N.J.; d. Oct. 23, 1943 in Los Angeles, Calif.; writer)</subfield>
  </datafield>
</record>